<?xml version="1.0" encoding="UTF-8"?><collection xmlns="http://www.loc.gov/MARC21/slim"><record><leader>00351nam--2200133-i-4500</leader><controlfield tag="001">000018726</controlfield><controlfield tag="002">20161230</controlfield><controlfield tag="005">20161230201032</controlfield><controlfield tag="008">060222s1000------------r-----000-0-eng-d</controlfield><datafield ind1=" " ind2=" " tag="080"><subfield code="a">539.142.3</subfield></datafield><datafield ind1=" " ind2=" " tag="100"><subfield code="a">Do Dang, Giu</subfield></datafield><datafield ind1=" " ind2=" " tag="245"><subfield code="a">Collective excitations in spherical odd nuclei</subfield></datafield><datafield ind1=" " ind2=" " tag="260"><subfield code="a">Philadelphia, University Of Pennsylvania.26 P</subfield></datafield><datafield ind1=" " ind2=" " tag="852"><subfield code="a">19823</subfield></datafield></record></collection>